<record><leader>00000cas a2200000 a 4500</leader><controlfield tag="001">8814329</controlfield><controlfield tag="008">820928d19461997coudr ne      0   a0eng  </controlfield><datafield ind1=" " ind2=" " tag="010"><subfield code="a">sn 82015766 </subfield></datafield><datafield ind1=" " ind2=" " tag="040"><subfield code="a">DLC</subfield><subfield code="b">eng</subfield><subfield code="c">DLC</subfield><subfield code="d">OCL</subfield><subfield code="d">DLC</subfield><subfield code="d">CNQ</subfield><subfield code="d">DLC</subfield><subfield code="d">OCLCO</subfield><subfield code="d">OCLCQ</subfield><subfield code="d">OCLCF</subfield></datafield><datafield ind1=" " ind2=" " tag="019"><subfield code="a">9157697</subfield></datafield><datafield ind1="1" ind2=" " tag="029"><subfield code="a">AU@</subfield><subfield code="b">000020394048</subfield></datafield><datafield ind1=" " ind2=" " tag="042"><subfield code="a">pcc</subfield></datafield><datafield ind1=" " ind2=" " tag="043"><subfield code="a">n-us-co</subfield></datafield><datafield ind1="0" ind2="0" tag="050"><subfield code="a">Newspaper</subfield></datafield><datafield ind1="0" ind2="0" tag="245"><subfield code="a">Colorado Springs gazette-telegraph.</subfield></datafield><datafield ind1="3" ind2="0" tag="246"><subfield code="a">Gazette-telegraph</subfield></datafield><datafield ind1="1" ind2="3" tag="246"><subfield code="a">Colorado Springs morning gazette telegraph</subfield></datafield><datafield ind1="1" ind2="3" tag="246"><subfield code="a">Morning issue of the Colorado Springs gazette-telegraph</subfield></datafield><datafield ind1="1" ind2="3" tag="246"><subfield code="a">Evening issue of the Colorado Springs gazette-telegraph</subfield></datafield><datafield ind1=" " ind2=" " tag="260"><subfield code="a">Colorado Springs, Colo. :</subfield><subfield code="b">Freedom Newspapers, Inc.,</subfield><subfield code="c">1946-1997.</subfield></datafield><datafield ind1=" " ind2=" " tag="300"><subfield code="a">v.</subfield></datafield><datafield ind1=" " ind2=" " tag="310"><subfield code="a">Daily</subfield></datafield><datafield ind1="0" ind2=" " tag="362"><subfield code="a">74th year, no. 25040 (Feb. 5, 1946)-v. 125, no. 364 (Mar. 22, 1997).</subfield></datafield><datafield ind1=" " ind2=" " tag="500"><subfield code="a">"Morning issue of the Colorado Springs" and "Evening issue of the Colorado Springs" appear above masthead.</subfield></datafield><datafield ind1=" " ind2=" " tag="515"><subfield code="a">Suspended Jan. 26, 1947; resumed Jan. 30, 1947.</subfield></datafield><datafield ind1=" " ind2=" " tag="530"><subfield code="a">Available on microfilm from the Colorado Historical Society, and the Library of Congress, Photoduplication Service.</subfield></datafield><datafield ind1=" " ind2=" " tag="580"><subfield code="a">Merger of: Colorado Springs gazette, and: Colorado Springs evening telegraph (Colorado Springs, Colo. : 1923).</subfield></datafield><datafield ind1=" " ind2="0" tag="651"><subfield code="a">Colorado Springs (Colo.)</subfield><subfield code="v">Newspapers.</subfield></datafield><datafield ind1=" " ind2="0" tag="651"><subfield code="a">El Paso County (Colo.)</subfield><subfield code="v">Newspapers.</subfield></datafield><datafield ind1=" " ind2="7" tag="655"><subfield code="a">Newspapers.</subfield><subfield code="2">fast</subfield><subfield code="0">(OCoLC)fst01423814</subfield></datafield><datafield ind1=" " ind2="7" tag="651"><subfield code="a">Colorado</subfield><subfield code="z">Colorado Springs.</subfield><subfield code="2">fast</subfield><subfield code="0">(OCoLC)fst01205930</subfield></datafield><datafield ind1=" " ind2="7" tag="651"><subfield code="a">Colorado</subfield><subfield code="z">El Paso County.</subfield><subfield code="2">fast</subfield><subfield code="0">(OCoLC)fst01212952</subfield></datafield><datafield ind1=" " ind2=" " tag="752"><subfield code="a">United States</subfield><subfield code="b">Colorado</subfield><subfield code="c">El Paso</subfield><subfield code="d">Colorado Springs.</subfield></datafield><datafield ind1="1" ind2="4" tag="780"><subfield code="t">Colorado Springs gazette</subfield><subfield code="w">(DLC)sn 84042001</subfield><subfield code="w">(OCoLC)11582303</subfield></datafield><datafield ind1="1" ind2="4" tag="780"><subfield code="t">Colorado Springs evening telegraph (Colorado Springs, Colo. : 1923)</subfield><subfield code="w">(DLC)sn 91052603</subfield><subfield code="w">(OCoLC)24164683</subfield></datafield><datafield ind1="0" ind2="0" tag="785"><subfield code="t">Gazette (Colorado Springs, Colo.)</subfield><subfield code="w">(DLC)sn 00059010</subfield><subfield code="w">(OCoLC)43768598</subfield></datafield></record>